@online{BewFlaechen,
  author = {{Statistisches Bundesamt Deutschland}},
  title = {Landwirtschaftliche Betriebe mit Bewässerungsmöglichkeit auf Freilandflächen - ohne Frostschutzberegnung - und bewässerte Fläche 2019},
  url = {https://www.destatis.de/DE/Themen/Branchen-Unternehmen/Landwirtschaft-Forstwirtschaft-Fischerei/Produktionsmethoden/Tabellen/bewaesserungsmoeglichkeiten.html},
  urldate = {2024-05-01},
  year = {2020}
},

@online{BewFlaechenPresse,
  author = {{Statistisches Bundesamt Deutschland}},
  title = {506 500 Hektar bewässerte Freilandfläche im Jahr 2019},
  url = {https://www.destatis.de/DE/Presse/Pressemitteilungen/2021/10/PD21_494_412.html},
  urldate = {2024-05-01},
  date = {2021-10-25}
},

@online{grosserGarten,
  author = {Eva Monning},
  title = {Gestaltungstipps für große Gärten},
  url = {https://www.mein-schoener-garten.de/gartengestaltung/gartenideen/gestaltungstipps-fuer-grosse-gaerten-32126},
  urldate = {2024-05-01},
  date = {2022-07-22}
},

@article{RasenDuenger,
title = "A review of turfgrass fertilizer management practices: Implications for urban water quality",
keywords = "Landscaping practices, Nitrogen, Nutrient leaching, Nutrient runoff, Phosphorus, Socioeconomics, Turfgrass irrigation",
author = "Carey, {Richard O.} and Hochmuth, {George J.} and Martinez, {Christopher J.} and Boyer, {Treavor H.} and Nair, {Vimala D.} and Dukes, {Michael D.} and Toor, {Gurpal S.} and Shober, {Amy L.} and Cisar, {John L.} and Trenholm, {Laurie E.} and Sartain, {Jerry B.}",
note = "Copyright: Copyright 2020 Elsevier B.V., All rights reserved.",
year = "2012",
month = jun,
doi = "10.21273/horttech.22.3.280",
language = "English (US)",
volume = "22",
pages = "280--291",
journal = "HortTechnology",
issn = "1063-0198",
publisher = "American Society for Horticultural Science",
number = "3",
},

@article{TeichFische,
author = {El-Sayed, A-F M and El-Ghobashy, A and Al-Amoudi, M},
title = {Effects of pond depth and water temperature on the growth, mortality and body composition of Nile tilapia, Oreochromis niloticus (L.)},
journal = {Aquaculture Research},
volume = {27},
number = {9},
pages = {681-687},
doi = {https://doi.org/10.1046/j.1365-2109.1996.00776.x},
url = {https://onlinelibrary.wiley.com/doi/abs/10.1046/j.1365-2109.1996.00776.x},
eprint = {https://onlinelibrary.wiley.com/doi/pdf/10.1046/j.1365-2109.1996.00776.x},
year = {1996}
},

@article{PflanzenFrost,
title = {Plant Freezing and Damage},
journal = {Annals of Botany},
volume = {87},
number = {4},
pages = {417-424},
year = {2001},
issn = {0305-7364},
doi = {https://doi.org/10.1006/anbo.2000.1352},
url = {https://www.sciencedirect.com/science/article/pii/S0305736400913520},
author = {Roger S. Pearce},
keywords = {Freezing, dehydration, infrared video thermography, low temperature scanning electron microscopy, NMR micro-imaging}
},

@article{PflanzenChlor,
title = {Effects of residual disinfectant on soil and lettuce crop irrigated with chlorinated water},
journal = {Science of The Total Environment},
volume = {584-585},
pages = {595-602},
year = {2017},
issn = {0048-9697},
doi = {https://doi.org/10.1016/j.scitotenv.2017.01.083},
url = {https://www.sciencedirect.com/science/article/pii/S0048969717300931},
author = {A. Lonigro and N. Montemurro and G. Laera},
keywords = {Irrigation, Tertiary treated wastewaters, Vegetable crops, Residual chlorine, EOX}
},

@online{PoolWerte,
  title = {Pool-Wasserwerte - Der Ultimative Leitfaden},
  url = {https://poolstark.de/blogs/pool-wissen/pool-wasserwerte},
  urldate = {2024-05-06},
},

@article{BienenGewicht,
title = {Den Bienen auf das Gewicht geschaut. Erstaunliche Einblicke in das Bienenvolk},
year = {2018},
url = {https://hivewatch.ch/de-CH/hivewatch-in-der-presse/Hive%20Watch-SBZ%20-03-2018.pdf},
author = {Jonas Thommen and Martin Dettli and Silvio Ziegler},
},

@report{VuMABalkon,
  institution = {RMS Radio Marketing Service GmbH \& Co. KG},
  title       = {VuMA Touchpoints 2023},
  year        = {2023},
  url         = {https://rms.de/RMS_Deutschland/Downloads/Weitere/VuMA_Berichtsband_2023.pdf},
  urldate     = {2024-05-06},
  pages       = {30},
},

@article{SmartGardeningAi,
    author={Niloy Chakraborty and Adrika Mukherjee and Mayuri Bhadra},
    title={Smart Gardening: A Solution to Your Gardening Issues},
    journal={EAI Endorsed Transactions on Internet of Things},
    volume={8},
    number={30},
    publisher={EAI},
    journal_a={IOT},
    year={2022},
    month={8},
    keywords={smart garden, AI planning, plant identification, CNN, smart lighting, Internet of Things, smart city},
    doi={10.4108/eetiot.v8i30.384}
},

@report{GartenHobby,
  institution = {Statista},
  title       = {Beliebteste Hobbys, Freizeitaktivitäten und Sportarten in Deutschland nach häufiger Ausübung in den Jahren 2021 bis 2023},
  year        = {2023},
  url         = {https://de.statista.com/statistik/daten/studie/171168/umfrage/haeufig-betriebene-freizeitaktivitaeten/},
  urldate     = {2024-05-12}
},

@report{SmartGardeningBeliebt,
  institution = {STIHL},
  title       = {STIHL Garten-Barometer 2023},
  year        = {2023},
  url         = {https://ivg.org/wp-content/uploads/2023/03/STIHL_Garten-Barometer_2023_230323.pdf},
  urldate     = {2024-05-12}
},

@report{IoTFarming,
  institution = {Statista},
  title       = {Anteil der wichtigsten technologischen Innovationen am Gesamtmarkt in der Landwirtschaft weltweit im Jahr 2022},
  year        = {2022},
  url         = {https://de.statista.com/statistik/daten/studie/1337057/umfrage/agritech-wichtigste-innovationen-weltweit/},
  urldate     = {2024-05-12}
},

@report{Bundesnaturschutzgesetz,
  institution = {Bundesrepuplik Deutschland},
  year        = {2017},
  title       = {Gesetz über Naturschutz und Landschaftspflege (Bundesnaturschutzgesetz - BNatSchG)
                 § 44 Vorschriften für besonders geschützte und bestimmte andere Tier- und Pflanzenarten},
  url         = {https://www.gesetze-im-internet.de/bnatschg_2009/__44.html},
  urldate     = {2024-05-13},
},

@article{LichtPlastik,
title = {Effects of increased solar ultraviolet radiation on materials},
journal = {Journal of Photochemistry and Photobiology B: Biology},
volume = {46},
number = {1},
pages = {96-103},
year = {1998},
issn = {1011-1344},
doi = {https://doi.org/10.1016/S1011-1344(98)00188-2},
url = {https://www.sciencedirect.com/science/article/pii/S1011134498001882},
author = {A.L. Andrady and S.H. Hamid and X. Hu and A. Torikai},
keywords = {Photostabilizers, Polymers, Ultraviolet-B radiation, Temperature, Ozone depletion, Photodegradation},
},

@article{LichtPlastik2,
author = {William Andrew},
title = {The Effects of UV Light and Weather on Plastics and Elastomers (Second Edition)},
editor = {Liesl K. Massey},
publisher = {William Andrew Publishing},
edition = {Second Edition},
address = {Norwich, NY},
year = {2007},
series = {Plastics Design Library},
isbn = {978-0-8155-1525-8},
doi = {https://doi.org/10.1016/B978-081551525-8.50002-6},
url = {https://www.sciencedirect.com/science/article/pii/B9780815515258500026}
},

@article{BienenTemperatur,
author = {Zacepins,A.and Karasha,T.},
title = {Application of temperature measurements for bee colony monitoring: a review.},
pages = {126-131},
publisher = {Latvia University of Agriculture},
address = {Jelgava}
},

@article{BienenLuftfeuchtigkeit,
    author = {Abderson, Edwin J.},
    title = "{Hive Humidity and Its Effect Upon Wintering of Bees1}",
    journal = {Journal of Economic Entomology},
    volume = {41},
    number = {4},
    pages = {608-616},
    year = {1948},
    month = {08},
    issn = {0022-0493},
    doi = {10.1093/jee/41.4.608},
    url = {https://doi.org/10.1093/jee/41.4.608},
    eprint = {https://academic.oup.com/jee/article-pdf/41/4/608/19199782/jee41-0608.pdf},
},

@article{RosenTemperatur,
author = {Shin, H.K. and Lieth, J.H. and Kim, Soo-Hyung},
year = {2001},
month = {01},
pages = {185-193},
title = {Effects of temperature on leaf area and flower size in rose},
volume = {547},
journal = {Acta Horticulturae},
doi = {10.17660/ActaHortic.2001.547.22}
},

@inproceedings{IoTSensor,
author = {Zachariah, Thomas and Klugman, Noah and Campbell, Bradford and Adkins, Joshua and Jackson, Neal and Dutta, Prabal},
title = {The Internet of Things Has a Gateway Problem},
year = {2015},
isbn = {9781450333917},
publisher = {Association for Computing Machinery},
address = {New York, NY, USA},
url = {https://doi.org/10.1145/2699343.2699344},
doi = {10.1145/2699343.2699344},
booktitle = {Proceedings of the 16th International Workshop on Mobile Computing Systems and Applications},
pages = {27–32},
numpages = {6},
keywords = {sensor networks, mobile phones, low-powered devices, internet of things, gateway, bluetooth low energy},
location = {Santa Fe, New Mexico, USA},
series = {HotMobile '15}
},

@report{IoTSensorenAbsatz,
  institution = {Statista},
  title       = {Size of the Internet of Things (IoT) sensors market worldwide from 2018 to 2025},
  year        = {2023},
  url         = {https://www.statista.com/statistics/993778/worldwide-internet-of-things-sensors-market-size/},
  urldate     = {2024-05-17}
},

@online{Gaertnerarten,
  title = {Ein Beruf - 7 Fachrichtungen - Ich will Gärtner werden! Aber welcher?},
  url = {https://www.gartenbaunrw.de/index.php/beruf-gaertner/ein-beruf-7-fachrichtungen},
  urldate = {2024-06-03},
},

@online{UmsatzLandwirtschaft,
  title = {BZL: Landwirtschaftlicher Produktionswert 2022 nach erster Schätzung rund 74,4 Milliarden Euro},
  url = {https://www.ble.de/SharedDocs/Pressemitteilungen/DE/2022/221219_Landwirtschaftlicher_Produktionswert.html},
  urldate = {2024-06-03},
},

@online{Gartenfavoriten,
  title = {Deutschland, Gartenland - Garten Statistiken},
  url = {https://www.purgruen.de/blogs/magazin/gartenstatistik},
  urldate = {2024-06-03},
},

@report{GartenAusgaben,
  institution = {Statista},
  title       = {Was haben Sie in diesem Jahr ungefähr für neue Pflanzen und Gartengeräte ausgegeben?},
  year        = {2021},
  url         = {https://de.statista.com/statistik/daten/studie/1300293/umfrage/umfrage-zur-ungefaehren-ausgabe-fuer-pflanzen-und-gartengeraete},
  urldate     = {2024-06-03}
},

@article{PflanzenCO2,
author = {Poorter, Hendrik and Navas, Marie-Laure},
title = {Plant growth and competition at elevated CO2: on winners, losers and functional groups},
journal = {New Phytologist},
volume = {157},
number = {2},
pages = {175-198},
keywords = {elevated CO2,  meta-analysis, seed mass, RGR, photosynthesis, growth, functional groups, competition},
doi = {https://doi.org/10.1046/j.1469-8137.2003.00680.x},
url = {https://nph.onlinelibrary.wiley.com/doi/abs/10.1046/j.1469-8137.2003.00680.x},
eprint = {https://nph.onlinelibrary.wiley.com/doi/pdf/10.1046/j.1469-8137.2003.00680.x},
year = {2003}
},

@article{Kompost,
title = {Effect of aeration rate, C/N ratio and moisture content on the stability and maturity of compost},
journal = {Bioresource Technology},
volume = {112},
pages = {171-178},
year = {2012},
issn = {0960-8524},
doi = {https://doi.org/10.1016/j.biortech.2012.02.099},
url = {https://www.sciencedirect.com/science/article/pii/S0960852412003501},
author = {Rui Guo and Guoxue Li and Tao Jiang and Frank Schuchardt and Tongbin Chen and Yuanqiu Zhao and Yujun Shen},
keywords = {Composting, Aeration rate, C/N ratio, Moisture content, Pig feces}
},

@online{AgrarbetriebDefinition,
  title = {Glossary:Agricultural holding},
  url = {https://ec.europa.eu/eurostat/statistics-explained/index.php?title=Glossary:Agricultural_holding},
  urldate = {2024-06-06},
},

@online{SmartMeterGateway,
  title = {Smart-Meter-Gateway},
  url = {https://www.bsi.bund.de/DE/Themen/Unternehmen-und-Organisationen/Standards-und-Zertifizierung/Smart-metering/Smart-Meter-Gateway/smart-meter-gateway.html?nn=126970},
  urldate = {2024-07-01},
},

@online{IdustrialRemoteMonitoring,
  title = {Industrial Remote Monitoring: What It is, Benefits, and Use Cases},
  url = {https://www.digi.com/blog/post/industrial-remote-monitoring},
  urldate = {2024-07-01},
},

@online{LoggitoIP67,
  author = {Dr. Sven Jodlauk},
  title = {Mobile Messdatenerfassung - Unverzichtbar in der Industrie},
  url = {https://www.delphin.de/mobile-messdatenerfassung-unverzichtbar-in-der-industrie/},
  urldate = {2024-07-02},
  date = {2022-02-12}
},

@online{GreenIQ,
  title = {GreenIQ Smart Garden Hub - das Nest für den Garten},
  url = {https://www.homeandsmart.de/greeniq-smart-garden-hub},
  urldate = {2024-07-02},
},

@inproceedings{SCAMPI,
  author       = {Claas Busemann and
                  Christian Kuka and
                  Utz Westermann and
                  Susanne Boll and
                  Daniela Nicklas},
  editor       = {Stefan Fischer and
                  Erik Maehle and
                  Rüdiger Reischuk},
  title        = {{SCAMPI} - Sensor Configuration and Aggregation Middleware for Multi
                  Platform Interchange},
  booktitle    = {39. Jahrestagung der Gesellschaft f{\"{u}}r Informatik, Im Focus
                  das Leben, {INFORMATIK} 2009, L{\"{u}}beck, Germany, September
                  28 - October 2, 2009, Proceedings},
  series       = {{LNI}},
  volume       = {{P-154}},
  pages        = {2084--2097},
  publisher    = {{GI}},
  year         = {2009},
  url          = {https://dl.gi.de/handle/20.500.12116/31185},
  timestamp    = {Tue, 04 Jul 2023 17:43:41 +0200},
  biburl       = {https://dblp.org/rec/conf/gi/BusemannKWBN09.bib},
  bibsource    = {dblp computer science bibliography, https://dblp.org}
},

@online{FlaskUsage,
  title = {Python Developers Survey 2022 Results},
  url = {https://lp.jetbrains.com/python-developers-survey-2022/#FrameworksLibraries},
  urldate = {2024-09-15},
},

@online{ReactUsage,
  title = {Front-end Frameworks},
  url = {https://2022.stateofjs.com/en-US/libraries/front-end-frameworks/},
  urldate = {2024-09-15},
},

@report{AusgabebereitschaftGarten,
  institution = {Statista},
  title       = {Anzahl der Personen in Deutschland mit einer hohen Ausgabebereitschaft für den Garten von 2019 bis 2023},
  year        = {2023},
  url         = {https://de.statista.com/statistik/daten/studie/264595/umfrage/verbraucherverhalten-hohe-ausgabebereitschaft-fuer-den-garten/},
  urldate     = {2024-09-22}
},

@online{RaspberryPi4Power,
  title = {Power Consumption Benchmarks},
  url = {https://www.pidramble.com/wiki/benchmarks/power-consumption},
  urldate = {2024-09-22},
},

@techreport{TSL2591,
  institution = {ams},
  title = {TSL2591},
  year = {2013}
},

@misc{PythonEmail,
  title = {email — An email and MIME handling package},
  url = {https://docs.python.org/3/library/email.html},
  urldate = {2024-09-23},
}

@misc{PythonSMTP,
  title = {smtplib - SMTP protocol client},
  url = {https://docs.python.org/3/library/smtplib.html},
  urldate = {2024-09-23},
}

@misc{PythonSMS,
  title = {smsapi-python},
  url = {https://github.com/smsapi/smsapi-python-client},
  urldate = {2024-09-23},
}

@article{HTTPSAttack,
author = {Callegati, Franco and Cerroni, Walter and Ramilli, Marco},
title = {Man-in-the-Middle Attack to the HTTPS Protocol},
year = {2009},
issue_date = {January 2009},
publisher = {IEEE Educational Activities Department},
address = {USA},
volume = {7},
number = {1},
issn = {1540-7993},
url = {https://doi.org/10.1109/MSP.2009.12},
doi = {10.1109/MSP.2009.12},
journal = {IEEE Security and Privacy},
month = jan,
pages = {78–81},
numpages = {4},
keywords = {ARP poisoning, Address Resolution Protocol, DNS spoofing, Domain Name System, HTTPS, MITM, WEB security, man in the middle, self-signed certificate}
}

@online{LHT52,
  title = {Dragino LHT52 LoRaWAN Temperatursensor},
  url = {https://iot-shop.de/shop/dg-lht52-dragino-lht52-lorawan-temperatursensor-5427},
  urldate = {2024-09-24},
  date = {2021-12-31}
},

@online{Stelzner,
  title = {Boden Aktivitätsmesskoffer PET 2000},
  url = {https://www.conrad.de/de/p/stelzner-1100-bodenanalyse-set-duengung-101879.html},
  urldate = {2024-09-24},
},

@online{LoggitoStrom,
  title = {Loggito},
  url = {https://www.acquisys.fr/wp-content/uploads/2018/02/loggito-logger.pdf},
  urldate = {2024-09-24},
},

@online{Hioki,
  title = {HIOKI LR8431-20 Datenlogger},
  url = {https://www.reichelt.de/datenlogger-spannung-impuls-rotation-temperatur-hioki-lr8431-20-p331317.html},
  urldate = {2024-09-24},
},

@online{ETWater,
  title = {SmartBox in Station Count 48 Station},
  url = {https://hydrorain.com/products/smartbox/},
  urldate = {2024-09-24},
},

@techreport{I2CUnderstanding,
  author = {Jonathan Valdez, Jared Becker},
  institution = {Texas Instruments},
  title = {Understanding the I2C Bus},
  year = {2015}
},

@article{I2CReview,
  title={Review of I2C protocol},
  author={Mankar, Jayant and Darode, Chaitali and Trivedi, Komal and Kanoje, Madhura and Shahare, Prachi},
  journal={International Journal of Research in Advent Technology},
  volume={2},
  number={1},
  year={2014},
  publisher={Citeseer}
},

@article{SPIProtocol,
  title={Design and verification serial peripheral interface (SPI) protocol for low power applications},
  author={Choudhury, S and Singh, GK and Mehra, RM},
  journal={International Journal of Innovative Research in Science, Engineering and Tecgnology},
  pages={16750--16758},
  year={2014},
  publisher={Citeseer}
},

@inproceedings{UARTProtocol,
  title={Design and simulation of UART serial communication module based on VHDL},
  author={Fang, Yi-yuan and Chen, Xue-jun},
  booktitle={2011 3rd International Workshop on Intelligent Systems and Applications},
  pages={1--4},
  year={2011},
  organization={IEEE}
},

@article{OneWireProtocol,
  title={Transmitting data and power over a one-wire bus},
  author={Awtrey, Dan and Semiconductor, Dallas},
  journal={Sensors-The Journal of Applied Sensing Technology},
  volume={14},
  number={2},
  pages={48--51},
  year={1997},
  publisher={[Peterborough, NH: North American Technology, Inc.], c1984-c2006.}
},

@inproceedings{Modbus,
  author       = {Bruno Dutertre},
  editor       = {Eric Goetz and
                  Sujeet Shenoi},
  title        = {Formal Modeling and Analysis of the Modbus Protocol},
  booktitle    = {Critical Infrastructure Protection, Post-Proceedings of the First
                  Annual {IFIP} Working Group 11.10 International Conference on Critical
                  Infrastructure Protection, Dartmouth College, Hanover, New Hampshire,
                  USA, March 19-21, 2007},
  series       = {{IFIP}},
  volume       = {253},
  pages        = {189--204},
  publisher    = {Springer},
  year         = {2007},
  url          = {https://doi.org/10.1007/978-0-387-75462-8\_14},
  doi          = {10.1007/978-0-387-75462-8\_14},
  timestamp    = {Tue, 26 Jun 2018 14:11:04 +0200},
  biburl       = {https://dblp.org/rec/conf/ifip11-10/Dutertre07.bib},
  bibsource    = {dblp computer science bibliography, https://dblp.org}
},

@article{CANBus,
  title={CAN specification version 2.0},
  author={Bosch, Robert and others},
  journal={Rober Bousch GmbH, Postfach},
  volume={300240},
  pages={72},
  year={1991}
},

@article{Fieldbus,
  title={Real-time fieldbus communications using Profibus networks},
  author={Tovar, Eduardo and Vasques, Francisco},
  journal={IEEE transactions on Industrial Electronics},
  volume={46},
  number={6},
  pages={1241--1251},
  year={1999},
  publisher={IEEE}
},

@article{OPCUA,
  author       = {Stefan{-}Helmut Leitner and
                  Wolfgang Mahnke},
  title        = {{OPC} {UA} - Service-oriented Architecture for Industrial Applications},
  journal      = {Softwaretechnik-Trends},
  volume       = {26},
  number       = {4},
  year         = {2006},
  url          = {http://pi.informatik.uni-siegen.de/stt/26\_4/01\_Fachgruppenberichte/ORA2006/07\_leitner-final.pdf},
  timestamp    = {Tue, 23 Aug 2022 14:34:38 +0200},
  biburl       = {https://dblp.org/rec/journals/stt/LeitnerM06.bib},
  bibsource    = {dblp computer science bibliography, https://dblp.org}
},

@misc{HTTP,
    series =    {Request for Comments},
    number =    {2068},
    howpublished =  {RFC 2068},
    publisher = {RFC Editor},
    doi =       {10.17487/RFC2068},
    url =       {https://www.rfc-editor.org/info/rfc2068},
    author =    {Roy T. Fielding and Henrik Nielsen and Jeffrey Mogul and Jim Gettys and Tim Berners-Lee},
    title =     {{Hypertext Transfer Protocol -- HTTP/1.1}},
    pagetotal = {162},
    year =      {1997}
},

@article{REST,
  author       = {Roy T. Fielding and
                  Richard N. Taylor},
  title        = {Principled design of the modern Web architecture},
  journal      = {{ACM} Trans. Internet Techn.},
  volume       = {2},
  number       = {2},
  pages        = {115--150},
  year         = {2002},
  url          = {https://doi.org/10.1145/514183.514185},
  doi          = {10.1145/514183.514185},
  timestamp    = {Wed, 14 Nov 2018 10:50:37 +0100},
  biburl       = {https://dblp.org/rec/journals/toit/FieldingT02.bib},
  bibsource    = {dblp computer science bibliography, https://dblp.org}
},

@article{LAN,
  author={Clark, D.D. and Pogran, K.T. and Reed, D.P.},
  journal={Proceedings of the IEEE}, 
  title={An introduction to local area networks}, 
  year={1978},
  volume={66},
  number={11},
  pages={1497-1517},
  keywords={Local area networks;Optical fiber LAN;Computer networks;Hardware;Protocols;Communication networks;Data communication;ARPANET;Application software;Communication system control},
  doi={10.1109/PROC.1978.11152}
},

@article{PAN,
  author={Siep, T.M. and Gifford, I.C. and Braley, R.C. and Heile, R.F.},
  journal={IEEE Personal Communications}, 
  title={Paving the way for personal area network standards: an overview of the IEEE P802.15 Working Group for Wireless Personal Area Networks}, 
  year={2000},
  volume={7},
  number={1},
  pages={37-43},
  keywords={Personal area networks;Wireless personal area networks;Standardization;Bluetooth;Wireless application protocol;Ad hoc networks},
  doi={10.1109/98.824574}
},

@article{HAN,
title = {Smart Home Communication Technologies and Applications: Wireless Protocol Assessment for Home Area Network Resources},
author = {Mendes, Tiago D. P. and Godina, Radu and Rodrigues, Eduardo M. G. and Matias, João C. O. and Catalão, João P. S.},
year = {2015},
journal = {Energies},
volume = {8},
number = {7},
pages = {1-33},
abstract = {The paper discusses Home Area Networks (HAN) communication technologies for smart home and domestic application integration. The work is initiated by identifying the application areas that can benefit from this integration. A broad and inclusive home communication interface is analysed utilizing as a key piece a Gateway based on machine-to-machine (M2M) communications that interacts with the surrounding environment. Then, the main wireless networks are thoroughly assessed, and later, their suitability to the requirements of HAN considering the application area is analysed. Finally, a qualitative analysis is portrayed.},
keywords = {smart home; HAN; M2M; wireless home communication protocols},
url = {https://EconPapers.repec.org/RePEc:gam:jeners:v:8:y:2015:i:7:p:7279-7311:d:52855}
},

@article{WAN,
  author={Raza, Usman and Kulkarni, Parag and Sooriyabandara, Mahesh},
  journal={IEEE Communications Surveys \& Tutorials}, 
  title={Low Power Wide Area Networks: An Overview}, 
  year={2017},
  volume={19},
  number={2},
  pages={855-873},
  keywords={Internet of Things;Low power electronics;Machine-to-machine communication;Cellular networks;Internet of Things;IoT;low power wide area;LPWA;LPWAN;machine-to-machine communication;cellular},
  doi={10.1109/COMST.2017.2652320}
},

@article{wifi,
  author={Hiertz, Guido R. and Denteneer, Dee and Stibor, Lothar and Zang, Yunpeng and Costa, Xavier Perez and Walke, Bernhard},
  journal={IEEE Communications Magazine}, 
  title={The IEEE 802.11 universe}, 
  year={2010},
  volume={48},
  number={1},
  pages={62-70},
  keywords={Media Access Protocol;Wireless LAN;OFDM;Spread spectrum communication;IEEE 802.11n Standard},
  doi={10.1109/MCOM.2010.5394032}
},

@book{bluetooth,
author = {Miller, Brent A. and Bisdikian, Chatschik and Siep, Tom},
title = {Bluetooth Revealed},
year = {2001},
isbn = {0130672378},
publisher = {Prentice Hall PTR},
address = {USA},
edition = {2nd},
},

@inproceedings{zigbee,
  author={Ramya, C. Muthu and Shanmugaraj, M and Prabakaran, R},
  booktitle={2011 3rd International Conference on Electronics Computer Technology}, 
  title={Study on ZigBee technology}, 
  year={2011},
  volume={6},
  number={},
  pages={297-301},
  keywords={Zigbee;Topology;Network topology;Protocols;Wireless sensor networks;Security;Communication system security;ZigBee;IEEE802.15.4. Standard;LR-WPAN},
  doi={10.1109/ICECTECH.2011.5942102}
},

@article{lorawan,
  author={Adelantado, Ferran and Vilajosana, Xavier and Tuset-Peiro, Pere and Martinez, Borja and Melia-Segui, Joan and Watteyne, Thomas},
  journal={IEEE Communications Magazine}, 
  title={Understanding the Limits of LoRaWAN}, 
  year={2017},
  volume={55},
  number={9},
  pages={34-40},
  keywords={Uplink;Downlink;Logic gates;3GPP;Batteries;Power demand;Internet of Things;Wide area networks},
  doi={10.1109/MCOM.2017.1600613}
},

@article{RFID,
  author={Weinstein, R.},
  journal={IT Professional}, 
  title={RFID: a technical overview and its application to the enterprise}, 
  year={2005},
  volume={7},
  number={3},
  pages={27-33},
  keywords={Radiofrequency identification;RFID tags;Active RFID tags;Costs;Broadcasting;Frequency;Tracking;Supply chain management;Information retrieval;Passive RFID tags;RFID;radio-frequency identification;Wal-Mart;US Navy;active tag;passive tag;EPC;EPCglobal;ONS},
  doi={10.1109/MITP.2005.69}
},

@misc{IPCode,
   type         = {Norm},
   year         = {2014},
   title         = {Schutzarten durch Gehäuse (IP-Code) (IEC 60529:1989 + A1:1999 + A2:2013); Deutsche Fassung EN 60529:1991 + A1:2000 + A2:2013},
},

@article{Breakout,
  author={Hamblen, James O. and van Bekkum, Gijsbert M. E.},
  journal={IEEE Transactions on Education}, 
  title={An Embedded Systems Laboratory to Support Rapid Prototyping of Robotics and the Internet of Things}, 
  year={2013},
  volume={56},
  number={1},
  pages={121-128},
  keywords={Laboratories;Internet;Robots;Electronic publishing;Information services;Hardware;Program processors;Design project;embedded systems;mechatronics;microcontroller;microprocessor;networking;robotics;real-time operating system (RTOS)},
  doi={10.1109/TE.2012.2227320}},

@inbook{Qwiic,
author="Bell, Charles",
title="Introducing Qwiic and STEMMA QT",
bookTitle="Beginning IoT Projects: Breadboard-less Electronic Projects",
year="2021",
publisher="Apress",
address="Berkeley, CA",
pages="217--258",
abstract="Building IoT projects can be quite challenging and even more so for those without any electronics experience. While almost everyone can, given time, learn how to work with electronic components by following a detailed example, few may have the time to devote, or some may simply not be interested in learning more than is minimally necessary.",
isbn="978-1-4842-7234-3",
doi="10.1007/978-1-4842-7234-3_6",
url="https://doi.org/10.1007/978-1-4842-7234-3_6"
},

@book{RaspberryPi,
  title={Raspberry Pi user guide},
  author={Upton, Eben and Halfacree, Gareth},
  year={2016},
  publisher={John Wiley \& Sons}
},

@book{Arduino,
author = {Banzi, Massimo},
title = {Getting Started with Arduino},
year = {2008},
isbn = {0596155514},
publisher = {Make Books - Imprint of: O'Reilly Media},
address = {Sebastopol, CA},
edition = {Ill},
},

@inproceedings{ESP32,
  author={Maier, Alexander and Sharp, Andrew and Vagapov, Yuriy},
  booktitle={2017 Internet Technologies and Applications (ITA)}, 
  title={Comparative analysis and practical implementation of the ESP32 microcontroller module for the internet of things}, 
  year={2017},
  volume={},
  number={},
  pages={143-148},
  keywords={Microcontrollers;Wireless fidelity;Clocks;C++ languages;Internet of Things;Bluetooth;Oscilloscopes;ESP32;Internet of Things;Wi-Fi;oscilloscope},
  doi={10.1109/ITECHA.2017.8101926}
},

@article{Python3,
  title={Python 3},
  author={Ernesti, Johannes and Kaiser, Peter},
  journal={Rheinwerk, Bonn},
  year={2017}
},

@book{MicroPython,
author = {Bell, Charles},
title = {MicroPython for the Internet of Things: A Beginners Guide to Programming with Python on Microcontrollers},
year = {2017},
isbn = {1484231228},
publisher = {Apress},
address = {USA},
edition = {1st},
abstract = {Tagline: Breaking the C-like language barrier to make device programming easy and fast}
},

@book{Flask,
  title={Flask web development},
  author={Grinberg, Miguel},
  year={2018},
  publisher={,,O'Reilly Media, Inc.''}
},

@book{React,
author = {Gackenheimer, Cory},
title = {Introduction to React},
year = {2015},
isbn = {1484212460},
publisher = {Apress},
address = {USA},
edition = {1st}
},

@article{JSON,
  title={Using JSON for data exchanging in web service applications},
  author={Peng, Dunlu and Cao, Lidong and Xu, Wenjie},
  journal={Journal of Computational Information Systems},
  volume={7},
  number={16},
  pages={5883--5890},
  year={2011}
},

@online{GreenIQPreis,
  title = {GreenIQ Smart Garden Hub - das Nest für den Garten},
  url = {https://www.homeandsmart.de/greeniq-smart-garden-hub},
  urldate = {2024-09-30},
},

@online{Universal,
  title = {Universal Wireless Sensor Node},
  url = {https://lemosint.com/universal-wireless-sensor-node/},
  urldate = {2024-10-07},
},

@online{LoggitoLogger,
  title = {Kleinster Datenlogger für dezentrale Messwerterfassung},
  url = {https://www.delphin.de/produkte/messgeraete-pruefgeraete/kompakte-messwerterfassung-loggito/},
  urldate = {2024-10-07},
},

@online{Jain,
  title = {AIN Unity Product Sheet},
  url = {https://jainsusa.com/unity-docs/jain-unity-product-sheet/},
  urldate = {2024-10-07},
},

@online{Journeo,
  title = {Connected systems, for connected journeys},
  url = {https://journeo.com/},
  urldate = {2024-10-07},
},